%% This BibTeX bibliography file was created using BibDesk.
%% http://bibdesk.sourceforge.net/


@article{zotova,
	Author = {Elena Zotova and Charles D Woody and Ehud Gruen},
	Date-Added = {2009-10-30 16:29:19 -0700},
	Date-Modified = {2009-10-30 16:29:56 -0700},
	Journal = {Brain Research},
	Pages = {66-78},
	Title = {Multiple representations of information in the primary auditory cortex of cats: {I}{I}. Stability and change in early (<32ms), rapid components of activity after conditioning with a click conditioned stimulus},
	Volume = {868},
	Year = {2000}}

@article{woody,
	Author = {Charles D Woody and Elena Zotova and Ehud Gruen},
	Date-Added = {2009-10-30 16:28:20 -0700},
	Date-Modified = {2009-10-30 16:29:17 -0700},
	Journal = {Brain Research},
	Pages = {56-65},
	Title = {Multiple representations of information in the primary auditory cortex of cats: I. Stability and change in slow components of unit activity after conditioning with a click conditioned stimulus},
	Volume = {868},
	Year = {2000}}

@article{victor,
	Author = {Jonathan Victor and Keith Purpura},
	Date-Added = {2009-10-30 16:27:36 -0700},
	Date-Modified = {2009-10-30 16:28:18 -0700},
	Journal = {Journal of Neuroscience Methods},
	Pages = {127-164},
	Title = {Metric-space analysis of spike trains: theory, algorithms and application},
	Volume = {8},
	Year = {1997}}

@phdthesis{tranbarger,
	Author = {Katherine E Tranbarger},
	Title = {Point Process Prototypes, and Other Applications of Point Pattern Distance Metrics},
	School = {University of California, Los Angeles},
	Year = {2005},
	Date-Added = {2009-10-30 16:26:45 -0700},
	Date-Modified = {2009-10-30 16:27:33 -0700}}

@article{schoenberg,
	Author = {Frederic P Schoenberg and Katherine E Tranbarger},
	Date-Added = {2009-10-30 16:24:58 -0700},
	Date-Modified = {2009-10-30 16:26:19 -0700},
	Journal = {Environmetrics},
	Pages = {271-286},
	Title = {Description of earthquake aftershock sequences using prototype point processes},
	Volume = {19},
	Year = {2008}}

@book{daley,
	Address = {New York},
	Author = {Daryl J Daley and David Vere-Jones},
	Date-Added = {2009-10-30 16:24:06 -0700},
	Date-Modified = {2009-10-30 16:24:56 -0700},
	Publisher = {Springer--Verlag},
	Title = {An Introduction to the Theory of Point Processes, Volume 1: Elementary Theory and Methods},
	Year = {2003}}

@book{bellman,
	Address = {Princeton},
	Author = {Richard E Bellman},
	Date-Added = {2009-10-30 16:23:18 -0700},
	Date-Modified = {2009-10-30 16:24:04 -0700},
	Publisher = {Princeton University Press},
	Title = {Dynamic Programming},
	Year = {1957}}

@article{aronov,
	Author = {Dmitriy Aronov},
	Date-Added = {2009-10-30 14:52:04 -0700},
	Date-Modified = {2009-10-30 14:54:29 -0700},
	Journal = {Journal of Neuroscience Methods},
	Pages = {175-179},
	Title = {Fast algorithm for the metric-space analysis of simultaneous responses of multiple single neurons},
	Volume = {124},
	Year = {2003}}
